@BOOK{duchowski2007-1,
	title = "Eye tracking methodology: theory and practice",
	author = "Duchowski, Andrew T.",
	isbn = "978-1-84628-608-7",
	publisher = "Springer, London",
	year = "2007",
	pages = "328",
	edition = "2"
}

@inbook{duchowski2007,
  author    = "Duchowski, Andrew T.",
  title     = "Eye tracking methodology: theory and practice",
  chapter   = "5",
  publisher = "Springer, London",
  year      = "2007",
  edition   = "2",
  pages     = "51--59",
  isbn      = "978-1-84628-608-7"
}

@ARTICLE{hansen2010,
  author={Hansen, Dan Witzner and Ji, Qiang},
  journal={IEEE Transactions on Pattern Analysis and Machine Intelligence}, 
  title={In the Eye of the Beholder: A Survey of Models for Eyes and Gaze}, 
  year={2010},
  volume={32},
  number={3},
  pages={478--500},
  doi={10.1109/TPAMI.2009.30}
}

@online{fig:vbprocesscomponents,
author = {Hansen, Dan Witzner and Ji, Qiang},
title = {Components of video-based eye detection and gaze tracking},
year = {2010},
pages = {479},
publisher = {IEEE Transactions on Pattern Analysis and Machine Intelligence},
url = {https://www.researchgate.net/publication/41028489_In_the_Eye_of_the_Beholder_A_Survey_of_Models_for_Eyes_and_Gaze/figures},
howpublished = {online},
urldate = {2022-01-05},
}

@online{fig:vod-basic,
author = {Kar, Anuradha and Corcoran, Peter},
title = {Schematic diagram of a typical gaze tracking system},
year = {2010},
pages = {16497},
publisher = {IEEE Access},
url = {https://ieeexplore.ieee.org/stamp/stamp.jsp?tp=&arnumber=8003267},
howpublished = {online},
urldate = {2022-01-05},
}

@misc{fig:vod-basic_old,
author = {Kar, Anuradha and Corcoran, Peter},
title = {Schematic diagram of a typical gaze tracking system [online]},
year = {2018: pp. 16497 [cit. 2022-01-05]},
howpublished = {A Review and Analysis of Eye-Gaze Estimation Systems, Algorithms and Performance Evaluation Methods in Consumer Platforms. IEEE Access},
url = {https://ieeexplore.ieee.org/stamp/stamp.jsp?tp=&arnumber=8003267},
doi={10.1109/ACCESS.2017.2735633}
}

@MastersThesis{ugwitz2020thesis,
AUTHOR = "Ugwitz, Pavel",
TITLE = "Utilizing Eye-Tracking in Context of Virtual Reality",
YEAR = "2020",
TYPE = "Master's thesis",
SCHOOL = "Masaryk University, Faculty of Informatics, Brno",
supervisor = "Jiří Chmelík",
URL = "https://is.muni.cz/th/e2kqs/",
urldate = {2022-02-16}
}

@MastersThesis{trnka2020thesis,
AUTHOR = "Vladislav Trnka",
TITLE = "Eye Tracking in VR headset XTAL",
YEAR = "2020",
TYPE = "Bachelor's thesis",
SCHOOL = "Czech Technical University in Prague, Faculty of Electrical Engineering",
supervisor = "Antonín Pošusta",
URL = "https://dspace.cvut.cz/handle/10467/87746",
urldate = {2022-04-23}
}


@ARTICLE{ugwitz2022,
title = "Eye-Tracking in Interactive Virtual Environments: Implementation and Evaluation",
author = "Ugwitz, Pavel and Kvarda, Ondřej and Juříková, Zuzana and Šašinka, Čeněk and Tamm, Sascha",
year = "2022",
month = "01",
pages = "1027",
volume = "12",
journal = "Applied Sciences",
doi = "10.3390/app12031027"
}

@article{cognolato2018,
author = {Matteo Cognolato and Manfredo Atzori and Henning M{\" u}ller},
title = {Head-mounted eye gaze tracking devices: An overview of modern devices and recent advances},
journal = {Journal of Rehabilitation and Assistive Technologies Engineering},
volume = {5},
year = {2018},
month = {01},
doi = {10.1177/2055668318773991}
}

@ARTICLE{anuradha2017review,
author={Kar, Anuradha and Corcoran, Peter},
journal={IEEE Access},
title={A Review and Analysis of Eye-Gaze Estimation Systems, Algorithms and Performance Evaluation Methods in Consumer Platforms},
year={2017},
volume={5},
number={},
pages={16495--16519},
doi={10.1109/ACCESS.2017.2735633}
}

@online{brucks2016shaderbits,
author = {Ryan Brucks},
title = {Automated and Improved UV Dilation},
year = {2016},
publisher = {Shader Bits},
howpublished = {online},
url = {https://shaderbits.com/blog/uv-dilation},
urldate = {2022-04-23}
}

@online{tran2018wenderlich,
author = {Tommy Tran},
title = {Dynamic Mesh Painting in Unreal Engine 4},
year = {2018},
publisher = {Ray Wenderlich},
howpublished = {online},
url = {https://www.raywenderlich.com/6817-dynamic-mesh-painting-in-unreal-engine-4},
urldate = {2022-04-23}
}

@online{upol2021procurement,
author = "{Palacký University Olomouc}",
title = "IVR (Immersive Virtual Reality) 3D projection system",
year = "2021",
howpublished = {online},
url = {https://zakazky.upol.cz/contract_display_4269.html},
urldate = {2022-04-24}
}

@online{viveproeye,
author = {HTC},
title={Vive Business European Union},
howpublished = {online},
publisher = {Vive Pro Eye Office},
url={https://business.vive.com/eu/product/vive-pro-eye-office/},
urldate = {2022-04-24}
}

@online{blender,
  author = {{Blender Foundation}},
  title = {Blender},
  url = {https://www.blender.org/download/releases/3-1/},
  howpublished = {software},
  version = {Version 3.1 [released on 2022-03-09]},
}

@online{fig:scleral-lens,
author = {Chronos~Vision},
title = {Example of Scleral Contact Lens/Search Coil Eye movement measurement},
year = {2018},
howpublished = {online},
publisher = {Research Gate},
url = {https://www.researchgate.net/figure/Example-of-Scleral-Contact-Lens-Search-Coil-Eye-movement-measurement-Picture-courtesy_fig6_334988473},
urldate = {2022-04-27}
}

@online{fig:eog,
author = {Mind~Media},
title = {EOG},
publisher = {Mind Media},
howpublished = {online},
url = {https://www.mindmedia.com/en/solutions/research/eog/},
urldate = {2022-04-27}
}

@article{kit2014,
doi = {10.1371/journal.pone.0094362},
author = {Kit, Dmitry AND Katz, Leor AND Sullivan, Brian AND Snyder, Kat AND Ballard, Dana AND Hayhoe, Mary},
journal = {PLOS ONE},
publisher = {Public Library of Science},
title = {Eye Movements, Visual Search and Scene Memory, in an~Immersive Virtual Environment},
year = {2014},
month = {04},
volume = {9},
url = {https://doi.org/10.1371/journal.pone.0094362},
pages = {1--11},
number = {4},
}

@INBOOK{kroeger2020,
author = "Kr{\" o}ger, Jacob and Lutz, Otto and M{\" u}ller, Florian",
title = "What Does Your Gaze Reveal About You? On the~Privacy Implications of Eye Tracking",
year = "2020",
month = "03",
pages = "226--241",
isbn = "978-3-030-42504-3",
doi = "10.1007/978-3-030-42504-3_15"
}

@article{wasikowska2014,
author = {Wąsikowska, Barbara},
year = {2014},
month = {01},
pages = {},
title = {The application of eye tracking in business}
}

@article{koenig2019,
author = {Clay, Viviane and König, Peter and Koenig, Sabine},
year = {2019},
month = {04},
title = {Eye Tracking in Virtual Reality},
volume = {12},
journal = {Journal of Eye Movement Research},
doi = {10.16910/jemr.12.1.3}
}

@online{tobii-history,
author = {Tobii},
title = {The~History of Tobii},
publisher = {Tobii},
howpublished = {online},
year = {2021},
url = {https://www.tobii.com/group/about/history-of-tobii/},
urldate = {2022-05-30}
}

@online{tobii-eye-trackers,
author = {Tobii~Pro},
title = {How do Tobii Eye Trackers work?},
howpublished = {online},
url = {https://www.tobiipro.com/learn-and-support/learn/eye-tracking-essentials/how-do-tobii-eye-trackers-work/},
urldate = {2022-05-30}
}

@online{tobii-dark-pupil,
author = {Tobii~Pro},
title = {Dark and bright pupil tracking},
howpublished = {online},
url = {https://www.tobiipro.com/learn-and-support/learn/eye-tracking-essentials/what-is-dark-and-bright-pupil-tracking/},
urldate = {2022-05-30}
}

@online{iMotions-endSMI,
author = {Peter Hartzbech},
title = {SMI and Apple: What It Means for the~Future of Eye Tracking},
year = {2017},
howpublished = {online},
publisher = {iMotions},
url = {https://imotions.com/blog/smi-apple-eye-tracking/},
urldate = {2022-05-30}
}

@online{tobii-oldHTC,
author = {Tobii},
title = {Tobii Releases Eye Tracking VR Development Kit for HTC Vive},
howpublished = {online},
year = {2017},
url = {https://www.tobii.com/group/news-media/press-releases/2017/5/tobii-releases-eye-tracking-vr-development-kit-for-htc-vive/},
urldate = {2022-05-30}
}

@online{tobii-glasses3-image,
author = {Tobii},
title = {Description of Tobii Glasses 3},
howpublished = {online},
url = {https://pbs.twimg.com/media/EZgdkt5X0AMMdjy?format=jpg&name=large},
urldate = {2022-05-30}
}

@online{tobii-glasses3,
author = {Tobii~Pro},
title = {Tobii Pro Glasses 3},
howpublished = {online},
url = {https://www.tobiipro.com/product-listing/tobii-pro-glasses-3/},
urldate = {2022-05-30}
}

@online{tobii-fusion,
author = {Tobii~Pro},
title = {Tobii Pro Fusion},
howpublished = {online},
url = {https://www.tobiipro.com/product-listing/fusion/},
urldate = {2022-05-30}
}

@online{tobii-pro-sdk,
author = {Tobii~Pro},
title = {Tobii Pro SDK documentation},
howpublished = {online},
url = {https://developer.tobiipro.com/},
urldate = {2022-05-30}
}

@online{vrgineers-xtal3-image,
author = {Vrgineers},
title = {XTAL 3 Virtual Reality Headset},
year = {2022},
howpublished = {online},
url = {https://vrgineers.com/wp-content/uploads/2022/01/xtal3_2nd-Edition_VR.png},
urldate = {2022-05-30}
}

@online{varjo-vr3-image,
author = {Varjo},
title = {Varjo VR-3 Virtual Reality Headset},
howpublished = {online},
publisher = {Varjo Store},
url = {https://store.varjo.com/Product\%20images/VR3.media.01.jpg},
urldate = {2022-05-30}
}

@online{tobii-htc-vive,
author = {Tobii},
title = {VIVE Pro Eye with Tobii},
howpublished = {online},
url = {https://vr.tobii.com/integrations/htc-vive-pro-eye/},
urldate = {2022-06-02}
}

@online{tobii-pico3,
author = {Tobii},
title = {Pico Neo 3 Pro Eye with native Tobii eye tracking},
howpublished = {online},
url = {https://vr.tobii.com/integrations/pico-neo-3-pro-eye/},
urldate = {2022-06-02}
}

@online{tobii-hp-omnicept,
author = {Tobii},
title = {HP Reverb G2 Omnicept Edition the~future of XR},
howpublished = {online},
url = {https://vr.tobii.com/integrations/hp-reverb-g2-omnicept-edition/},
urldate = {2022-06-02}
}

@online{tobii-xrsdk,
author = {Tobii},
title = {Develop},
howpublished = {online},
publisher = {Tobii XR Devzone},
url = {https://vr.tobii.com/sdk/develop/},
urldate = {2022-06-02}
}

@online{sranipal,
author = {Vive~Sense},
title = {Eye and Facial Tracking SDK Documentation},
howpublished = {online},
url = {https://developer.vive.com/resources/vive-sense/eye-and-facial-tracking-sdk/documentation/},
urldate = {2022-04-24}
}

@online{sranipal-image,
author = {VIVE},
title = {SingleEyeData Struct Reference},
howpublished = {online},
publisher = {SRanipal Unreal Eye Documentation},
note = {detail of SingleEyeData Struct in Doxygen Documentation},
url = {https://developer.vive.com/documents/914/Unreal_SRanipal_Eye_Documentation_5vNBies.zip},
urldate = {2022-05-28}
}

@online{openxr-overview,
author = {The~Khronos~Group},
title = {OpenXR Overview},
year = {2019},
url = {https://www.khronos.org/openxr/},
urldate = {2022-06-02}
}

@online{openxr-presentation,
author = {The~Khronos~Group},
title = {OpenXR Ecosystem Update},
year = {2020},
url = {https://www.khronos.org/assets/uploads/apis/OpenXR-EcoSystem-Update_Jul20.pdf},
urldate = {2022-06-02}
}

@online{openxr-access-image,
author = {The~Khronos~Group},
title = {OpenXR Solving XR fragmentation},
howpublished = {online},
url = {https://www.khronos.org/assets/uploads/apis/OpenXR-After_4.png},
urldate = {2022-06-02}
}

@online{varjo-et,
author = {Wili Miettinen},
title = {Industrial-Strength Eye Tracking in Varjo Headsets},
howpublished = {online},
publisher = {Varjo Blog},
url = {https://varjo.com/blog/industrial-strength-eye-tracking-in-varjo/},
urldate = {2022-06-06}
}

@online{varjo-vr3,
author = {Varjo},
title = {High-resolution VR headset for professionals -- Varjo VR-3},
howpublished = {online},
url = {https://varjo.com/products/vr-3/},
urldate = {2022-06-06}
}

@online{varjo-xr3,
author = {Varjo},
title = {Introducing Varjo XR-3, the only true mixed reality headset},
howpublished = {online},
url = {https://varjo.com/products/xr-3/},
urldate = {2022-06-06}
}

@online{varjo-aero,
author = {Varjo},
title = {Varjo Aero. Reach new heights in virtual reality},
howpublished = {online},
url = {https://varjo.com/products/aero/},
urldate = {2022-06-06}
}

@online{varjo-ready,
author = {Varjo},
title = {Varjo-Ready Software},
howpublished = {online},
url = {https://varjo.com/varjo-ready-software/},
urldate = {2022-06-06}
}

@online{varjo-sdk-spec,
author = {Varjo},
title = {Eye tracking with Native SDK},
howpublished = {online},
publisher = {Varjo Developer},
url = {https://developer.varjo.com/docs/native/eye-tracking},
urldate = {2022-06-06}
}

@online{varjo-data-logging,
author = {Varjo},
title = {Gaze data logging},
howpublished = {online},
publisher = {Varjo Developer},
url = {https://developer.varjo.com/docs/get-started/gaze-data-collection},
urldate = {2022-06-06}
}

@online{varjo-openxr,
author = {Varjo},
title = {OpenXR},
howpublished = {online},
publisher = {Varjo Developer},
url = {https://developer.varjo.com/docs/openxr/openxr},
urldate = {2022-06-06}
}

@online{openxr-coordinate,
author = {The~Khronos~Group},
title = {Coordinate system},
howpublished = {online},
publisher = {The OpenXR Specification},
url = {https://www.khronos.org/registry/OpenXR/specs/1.0/html/xrspec.html\#coordinate-system},
urldate = {2022-06-06}
}

@misc{vrginners-email,
author = {Milan Kostílek},
title = {Vrgineers support},
howpublished = {email},
note = {private conversation},
year = {2022},
}

@online{vrginners-xtal-spec,
author = {Vrgineers},
title = {XTAL 8K},
howpublished = {online},
publisher = {XTAL Shop},
url = {https://www.xtal.pro/product/xtal-8k-virtual-headset},
urldate = {2022-06-06}
}

@online{vrginners-xtal3-spec,
author = {Vrgineers},
title = {XTAL 3 Virtual Reality},
howpublished = {online},
publisher = {XTAL Shop},
url = {https://www.xtal.pro/product/xtal-3-vr},
urldate = {2022-06-06}
}

@online{vrginners-xtal3-intro,
author = {Vrgineers},
title = {Introducing the XTAL 3 –- the world’s most advanced virtual \& mixed reality simulation headset},
howpublished = {online},
year = {2022},
url = {https://vrgineers.com/introducing-the-xtal-3/},
urldate = {2022-06-07}
}

@online{vrgineers-cockpit,
author = {Vrgineers},
title = {Authentic cockpit},
howpublished = {online},
url = {https://vrgineers.com/wp-content/uploads/2021/11/authentic-cockpit.png},
urldate = {2022-05-30}
}

@online{vrginners-classroom,
author = {Vrgineers},
title = {Reconfigurable Virtual \& Mixed Reality Classroom Pilot Trainer},
howpublished = {online},
url = {https://vrgineers.com/classroom-trainer/},
urldate = {2022-06-07}
}

@online{psvr2,
author = {Hideaki Nishino},
title = {First look: the~headset design for PlayStation~VR2},
howpublished = {online},
publisher = {Playstation Blog},
year = {2022},
url = {https://blog.playstation.com/2022/02/22/first-look-the-headset-design-for-playstation-vr2/},
urldate = {2022-06-06}
}

@online{psvr2-specs,
author = {Hideaki Nishino},
title = {Horizon Call of the Mountain from Guerrilla and Firesprite revealed for PS VR2},
howpublished = {online},
publisher = {Playstation Blog},
year = {2022},
url = {https://blog.playstation.com/2022/01/04/playstation-vr2-and-playstation-vr2-sense-controller-the-next-generation-of-vr-gaming-on-ps5/},
urldate = {2022-06-06}
}

@online{cognitive3d-splash,
author = {Cognitive3D},
title = {Build better immersive 3D experiences},
howpublished = {online},
url = {https://cognitive3d.com/},
urldate = {2022-06-07}
}

@misc{cognitive3d-meeting,
author = {Harsev Oshan},
title = {Cognitive3D Demo call},
howpublished = {meeting},
note = {private zoom online meeting},
year = {2021}
}

@online{cognitive3d-dashboard-concepts,
author = {Cognitive3D},
title = {Dashboard Concepts},
publisher = {Cognitive3D Documentation},
howpublished = {online},
url = {https://docs.cognitive3d.com/dashboard/concepts/},
urldate = {2022-06-08}
}

@online{cognitive3d-platform-hierarchy,
author = {Cognitive3D},
title = {Platform Hierarchy},
publisher = {Cognitive3D Documentation},
howpublished = {online},
url = {https://docs.cognitive3d.com/dashboard/img/platform-hierarchy.png},
urldate = {2022-06-08}
}

@online{cognitive3d-scene-explorer,
author = {Cognitive3D},
title = {SceneExplorer},
howpublished = {Cognitive3D Documentation},
url = {https://docs.cognitive3d.com/dashboard/scene-explorer/},
urldate = {2022-06-08}
}

@online{cognitive3d-unreal-gf,
author = {Cognitive3D},
title = {Gaze and Fixations},
publisher = {Cognitive3D Documentation},
howpublished = {online},
url = {https://docs.cognitive3d.com/unreal/gaze-fixations/},
urldate = {2022-06-08}
}

@online{cognitive3d-dynamic-objects,
author = {Cognitive3D},
title = {Dynamic Objects},
howpublished = {2022-06-08},
publisher = {Cognitive3D Documentation},
url = {https://docs.cognitive3d.com/dashboard/dynamic-objects/},
urldate = {2022-06-08}
}

@online{cognitive3d-metrics,
author = {Cognitive3D},
title = {Glossary of Metrics},
publisher = {Cognitive3D Documentation},
howpublished = {online},
url = {https://docs.cognitive3d.com/metrics-glossary/},
urldate = {2022-06-08}
}

@online{cognitive3d-objectives,
author = {Cognitive3D},
title = {Objectives},
publisher = {Cognitive3D Documentation},
howpublished = {online},
url = {https://docs.cognitive3d.com/dashboard/objectives/},
urldate = {2022-06-08}
}

@online{cave-lab,
author = {FME~CTU},
title = {New classrooms for learning in 3D and working with 3D objects},
howpublished = {online},
publisher = {Faculty of Mechanical Engineering CTU in Prague, Aktuality},
year = {2021},
url = {https://www.fs.cvut.cz/aktuality/1824-212/nove-ucebny-pro-3d-vyuku-a-praci-s-3d-predmety/},
urldate = {2022-06-12}
}

@online{unreal-engine,
  author = {{Epic Games}},
  title = {Unreal Engine},
  howpublished = {software},
  url = {https://www.unrealengine.com/en-US/download},
  version = {Version 4.27.2 [released on 2021-08-19]},
  note = {Installing Epic Games Launcher to download different Unreal Engine versions is required}
}

@online{unreal-engine4,
author = {Epic~Games},
title = {Unreal Engine 4.27},
howpublished = {software},
url = {https://www.unrealengine.com/},
urldate = {2022-06-12}
}

@online{unreal-documentation,
author = {Epic~Games},
title = {Unreal Engine 4.27 Documentation},
howpublished = {online},
url = {https://docs.unrealengine.com/4.27/en-US/},
urldate = {2022-06-12}
}

@online{texture-painting-tutorial,
author = {BinaryEgo},
title = {Unreal Engine 4 -- Blueprint Texture Painting},
howpublished = {online},
publisher = {Youtube},
year = {2016},
url = {https://www.youtube.com/watch?v=6BE2c5TBvV4},
urldate = {2022-06-14}
}

@online{basic-heatmap-tutorial,
author = {Robert Potter},
title = {UE4 Tutorial -- Make a Basic Heat Map},
howpublished = {online},
publisher = {Youtube},
year = {2017},
url = {https://youtu.be/QL51f8qdsm8?t=1590},
urldate = {2022-06-14}
}

@online{texture-loading-tutorial,
author = {Meeki~Games},
title = {UE4 Importing and Exporting Render Targets (Save and Load) using Blueprints},
publisher = {Youtube},
howpublished = {online},
year = {2021},
url = {https://youtu.be/bb_yw5Cvs6k},
urldate = {2022-06-15}
}

@misc{cnb3dmodel,
author = {Procházka, Vít and Buriánek, Jan},
title = {CNB Visitor Centre prototype},
howpublished = {3D model},
publisher = {Blender},
year = {2021},
note = {Provided by Ing.~Jan Buriánek and Vít Procházka in cooperation with AVMEDIA SYSTEMS,~a.s.. Created from the SGL Project for the Czech National Bank Visitor Centre}
}

@online{cnb-nc,
author = {{Czech National Bank}},
title = {Visitor Centre},
howpublished = {online},
year = {2022},
url = {https://nc.cnb.cz/},
urldate = {2022-06-15}
}

@online{blender-texture-baking-tutorial,
author = {{Ryan King Art}},
title = {Bake Textures From One UV Map to Another UV Map (Blender Tutorial)},
howpublished = {online},
publisher = {Youtube},
year = {2021},
url = {https://youtu.be/1HyexrUEIv0},
urldate = {2022-06-19}
}

@online{blender-doc,
  author = {{Blender Foundation}},
  title = {Blender 3.1 Reference Manual},
  url = {https://docs.blender.org/manual/en/3.1/},
  howpublished = {online},
  urldate = {2022-06-19}
}

@online{openexr-doc,
  author = {James Bowman},
  title = {Python OpenEXR v1.2 documentation},
  url = {https://excamera.com/articles/26/doc/index.html},
  howpublished = {online},
  publisher = {Excamera Labs},
  urldate = {2022-06-20}
}

@online{numpy-doc,
  author = {Travis Oliphant},
  title = {{NumPy}: A guide to {NumPy}},
  year = {2006--},
  url = {http://www.numpy.org/},
  howpublished = {online},
  publisher = {Trelgol Publishing},
  urldate = {2022-06-20}
}

@online{openexr,
  author = {James Bowman},
  title = {Python OpenEXR},
  url = {https://www.excamera.com/sphinx/articles-openexr.html},
  howpublished = {software},
  version = {1.2.0},
  publisher = {Excamera Labs},
  urldate = {2022-06-20}
}

@online{vr-tool,
  author = {{Vrgineers}},
  title = {VR Tool},
  url = {https://portal.vrgineers.com/vr-tool/},
  howpublished = {software},
  version = {2.5.1.65},
  publisher = {Vrgineers Portal},
  note = {A login is required and an account can be created only through Vrgineers support},
  urldate = {2022-06-20}
}

@online{vrgineers-unreal-sdk,
  author = {{Vrgineers}},
  title = {Plugin for Unreal Engine 4.27},
  url = {https://portal.vrgineers.com/downloads/unreal-engine/},
  howpublished = {software},
  version = {2.06},
  publisher = {Vrgineers Portal},
  note = {A login is required and an account can be created only through Vrgineers support},
  urldate = {2022-06-20}
}

@online{vrgineers-openxr-soft,
  author = {{Vrgineers}},
  title = {VRG OpenXR},
  howpublished = {software},
  version = {Beta Version 2.8 [released on 22-06-14]},
  note = {Sent by support via email},
}

@online{unreal-forum,
author = {Pete Borks},
title = {Scene Capture 2D - Additive composite mode not working on UE5},
howpublished = {online},
publisher = {Unreal Engine Forums},
year = {2021},
month = {10},
day = {21},
url = {https://forums.unrealengine.com/t/scene-capture-2d-additive-composite-mode-not-working-on-ue5/257257},
urldate = {2022-06-21}
}